<record><leader>00000cas a2200000 a 4500</leader><controlfield tag="001">714841888</controlfield><controlfield tag="008">110426d194519uucaumr ne      0    0eng c</controlfield><datafield ind1=" " ind2=" " tag="010"><subfield code="a">sn2011271170</subfield></datafield><datafield ind1=" " ind2=" " tag="040"><subfield code="a">CNK</subfield><subfield code="b">eng</subfield><subfield code="c">CNK</subfield><subfield code="d">OCLCQ</subfield><subfield code="d">OCLCO</subfield><subfield code="d">OCLCF</subfield></datafield><datafield ind1=" " ind2=" " tag="042"><subfield code="a">pcc</subfield></datafield><datafield ind1=" " ind2=" " tag="043"><subfield code="a">n-us-ca</subfield></datafield><datafield ind1="0" ind2="0" tag="245"><subfield code="a">Veterans' Home observation post.</subfield></datafield><datafield ind1=" " ind2=" " tag="260"><subfield code="a">Veterans' Home of California [Yountville, Calif.] :</subfield><subfield code="b">Veterans' Home of California</subfield></datafield><datafield ind1=" " ind2=" " tag="300"><subfield code="a">v.</subfield></datafield><datafield ind1=" " ind2=" " tag="310"><subfield code="a">Monthly,</subfield><subfield code="b">Apr. 1969-&lt;Nov. 1978&gt;</subfield></datafield><datafield ind1=" " ind2=" " tag="321"><subfield code="a">Weekly,</subfield><subfield code="b">July 5, 1945-Dec. 25, 1959</subfield></datafield><datafield ind1=" " ind2=" " tag="321"><subfield code="a">Biweekly,</subfield><subfield code="b">Jan. 1, 1969-Mar. 1969 [sic]</subfield></datafield><datafield ind1="0" ind2=" " tag="362"><subfield code="a">Vol. 1, no. 1 (July 5, 1945)-</subfield></datafield><datafield ind1=" " ind2=" " tag="500"><subfield code="a">Preceded by a weekly, single-sheet, typewritten newsletter, Veterans' Home Communique: &lt;July 14, 1944-Feb. 16, 1945&gt;.</subfield></datafield><datafield ind1=" " ind2=" " tag="515"><subfield code="a">Issues for Jan.-Mar. 1969 lack specific dates (month/year only).</subfield></datafield><datafield ind1=" " ind2=" " tag="530"><subfield code="a">Master negatives are available for duplication from:</subfield><subfield code="b">California Newspaper Microfilm Archive;</subfield><subfield code="c">positive copies may be purchased by the reel; for further information consult the CNMA at:</subfield><subfield code="u">http://cbsr.ucr.edu</subfield></datafield><datafield ind1="2" ind2="0" tag="610"><subfield code="a">Veterans Home of California</subfield><subfield code="v">Newspapers.</subfield></datafield><datafield ind1=" " ind2="0" tag="651"><subfield code="a">Yountville (Calif.)</subfield><subfield code="v">Newspapers.</subfield></datafield><datafield ind1=" " ind2="7" tag="655"><subfield code="a">Newspapers.</subfield><subfield code="2">fast</subfield><subfield code="0">(OCoLC)fst01423814</subfield></datafield><datafield ind1="2" ind2="7" tag="610"><subfield code="a">Veterans Home of California.</subfield><subfield code="2">fast</subfield><subfield code="0">(OCoLC)fst00546858</subfield></datafield><datafield ind1=" " ind2="7" tag="651"><subfield code="a">California</subfield><subfield code="z">Yountville.</subfield><subfield code="2">fast</subfield><subfield code="0">(OCoLC)fst01208978</subfield></datafield><datafield ind1="2" ind2=" " tag="710"><subfield code="a">Veterans Home of California.</subfield></datafield><datafield ind1=" " ind2=" " tag="752"><subfield code="a">United States</subfield><subfield code="b">California</subfield><subfield code="c">Napa</subfield><subfield code="d">Yountville.</subfield></datafield></record>